% @article{con,
% author = "H. Connelly",
% title = "An extension of triangle construction from located points",
% journal = "Forum Geom.",
% year = "2009",
% OPTkey = "",
% volume = "9",
% OPTnumber = "9",
% pages = "109-112",
% OPTmonth = "",
% OPTnote = "",
% OPTannote = ""
% }

% @article{Meyers,
% author = "L. F. Meyers",
% title = "Update on William Wernick’s “Triangle constructions with three located points”",
% journal = "Math. Mag.",
% year = "1996",
% OPTkey = "",
% volume = "69",
% OPTnumber = "",
% pages = "46-49",
% OPTmonth = "",
% OPTnote = "",
% OPTannote = ""
% }

% @article{Wernick,
% author = "W. Wernick",
% title = "Triangle constructions with three located points",
% journal = "Math. Mag.",
% year = "1982",
% OPTkey = "",
% volume = "55",
% OPTnumber = "",
% pages = "227-230",
% OPTmonth = "",
% OPTnote = "",
% OPTannote = ""
% }

% @article{con2,
% author = "H. Connelly and Beata Randrianantoanina",
% title = "An Angle Bisector Parallel Applied to Triangle Construction",
% journal = "Forum Geom.",
% year = "2009",
% OPTkey = "",
% volume = "9",
% OPTnumber = "",
% pages = "161-163",
% OPTmonth = "",
% OPTnote = "",
% OPTannote = ""
% }

% @monography{mesquita2013,
% address="Recife - PE",
% author="Gilder da Silva Mesquita",
% pages="26",
% school="Universidade Federal Rural de Pernambuco",
% title="O círculo de nove pontos e algumas de suas potencialidades didáticas",
% type="Mestrado",
% year="2013"
% }
